% example .bib file from
% http://www.math.duke.edu/computing/tex/templates/database.bib

@inproceedings{GANGoodfellow,
 author = {Goodfellow, Ian and Pouget-Abadie, Jean and Mirza, Mehdi and Xu, Bing and Warde-Farley, David and Ozair, Sherjil and Courville, Aaron and Bengio, Yoshua},
 booktitle = {Advances in Neural Information Processing Systems},
 editor = {Z. Ghahramani and M. Welling and C. Cortes and N. Lawrence and K.Q. Weinberger},
 pages = {},
 publisher = {Curran Associates, Inc.},
 title = {Generative Adversarial Nets},
 url = {https://proceedings.neurips.cc/paper/2014/file/5ca3e9b122f61f8f06494c97b1afccf3-Paper.pdf},
 volume = {27},
 year = {2014}
}


     
@inproceedings{GeneratingNewRealityBook,
   author = "Lanham  Micheal",
    title = "Generating a New Reality",
    booktitle = "Generating a New Reality",
    year = 2021,
    doi = {https://link.springer.com/chapter/10.1007/978-1-4842-7092-9_1}}    
     

@inproceedings{APDrawingGAN,
  title     = {{APDrawingGAN}: Generating Artistic Portrait Drawings from Face Photos with Hierarchical GANs},
  author    = {Yi, Ran and Liu, Yong-Jin and Lai, Yu-Kun and Rosin, Paul L},
  booktitle = {{IEEE} Conference on Computer Vision and Pattern Recognition (CVPR '19)},
  pages     = {10743--10752},
  year      = {2019}
}



@Article{SketchSimplify,
   author    = {Edgar Simo-Serra and Satoshi Iizuka and Kazuma Sasaki and Hiroshi Ishikawa},
   title     = {{Learning to Simplify: Fully Convolutional Networks for Rough Sketch Cleanup}},
   journal   = "ACM Transactions on Graphics (SIGGRAPH)",
   year      = 2016,
   volume    = 35,
   number    = 4,
}

@article{xdog,
    author = "Holger Winnemöller, Jan Eric Kyprianidis, Sven C. Olsen",
    title = "XDoG: An eXtended difference-of-Gaussians compendium including advanced image stylization",
    journal = "Computers \& Graphics",
    volume = 36,
    year = 2012,
    doi={10.1016/j.cag.2012.03.004}}


@article{GaussianDerivativeModel,
    author = "Young, R.A.",
    title = "The Gaussian derivative model for spatial vision: I. Retinal mechanisms",
    journal = "Spatial Vision",
    volume = 2,
    year = 1987,
    doi={10.1163/156856887x00222}}

@article{RealTimeVideoAbstraction,
    author = "Winnemöller, H. and Olsen, S.C. and Gooch, B.",
    title = "Real-time video abstraction",
    journal = "ACM Trans Graph",
    volume = 25,
    year = 2006,
    pages="1221–1226",
    doi={https://doi.org/10.1145/1141911.1142018}}

@conference{StyleGAN,
    author = "Tero Karras, Samuli Laine, Timo Aila",
    title = "A Style-Based Generator Architecture for Generative Adversarial Networks",
    booktitle="IEEE/CVF Conference on Computer Vision and Pattern Recognition (CVPR)",
    year = 2019,
    doi={https://doi.org/10.48550/arXiv.1812.04948}}

@inproceedings{ArbitraryStyleTransfer,
  title={Arbitrary Style Transfer in Real-time with Adaptive Instance Normalization},
  author={Huang, Xun and Belongie, Serge},
  booktitle={ICCV},
  year={2017}
}

@INPROCEEDINGS{ImageStyleTransfer,
  author={Gatys, Leon A. and Ecker, Alexander S. and Bethge, Matthias},
  booktitle={2016 IEEE Conference on Computer Vision and Pattern Recognition (CVPR)}, 
  title={Image Style Transfer Using Convolutional Neural Networks}, 
  year={2016},
  volume={},
  number={},
  pages={2414-2423},
  doi={10.1109/CVPR.2016.265}}


@conference{ProGAN,
    author = "Tero, Karras and Timo, Aila and Samuli, Laine and Jaakko, Lehtinen",
    title = "Progressive growing of GANs for improved quality, stability, and variation",
    booktitle="ICLR 2018",
    year = 2018,
    doi={https://doi.org/10.48550/arXiv.1710.10196}}

 @InProceedings{alaluf2021restyle,
      author = {Alaluf, Yuval and Patashnik, Or and Cohen-Or, Daniel},
      title = {ReStyle: A Residual-Based StyleGAN Encoder via Iterative Refinement},
      month = {October},
      booktitle = {Proceedings of the IEEE/CVF International Conference on Computer Vision (ICCV)},
      year = {2021}}

 @InProceedings{SaGAN,
      author = {Zhang, Han and Goodfellow, Ian and Metaxas, Dimitris and Odena, Augustus},
      title = {Self-Attention Generative Adversarial Networks},
      booktitle = "Proceedings of the 36 th International Conference on Machine Learning",
      year = {2019}},

@InProceedings{CLIP,
    author    = {Alec Radford, Jong Wook Kim, Chris Hallacy, Aditya Ramesh, Gabriel Goh, Sandhini Agarwal, Girish Sastry, Amanda Askell, Pamela Mishkin, Jack Clark, Gretchen Krueger, Ilya Sutskever},
    title     = {Learning Transferable Visual Models From Natural Language Supervision},
    booktitle = {Computer Vision and Pattern Recognition (cs.CV); Machine Learning (cs.LG)},
    doi     = {https://doi.org/10.48550/arXiv.2103.00020},
    year      = {2021},
}

@article{e4e,
  title={Designing an Encoder for StyleGAN Image Manipulation},
  author={Tov, Omer and Alaluf, Yuval and Nitzan, Yotam and Patashnik, Or and Cohen-Or, Daniel},
  journal={arXiv preprint arXiv:2102.02766},
  year={2021}
}

@InProceedings{pSp,
      author = {Richardson, Elad and Alaluf, Yuval and Patashnik, Or and Nitzan, Yotam and Azar, Yaniv and Shapiro, Stav and Cohen-Or, Daniel},
      title = {Encoding in Style: a StyleGAN Encoder for Image-to-Image Translation},
      booktitle = {IEEE/CVF Conference on Computer Vision and Pattern Recognition (CVPR)},
      month = {June},
      year = {2021}
}

@inproceedings{Karras2019stylegan2,
  title     = {Analyzing and Improving the Image Quality of {StyleGAN}},
  author    = {Tero Karras and Samuli Laine and Miika Aittala and Janne Hellsten and Jaakko Lehtinen and Timo Aila},
  booktitle = {Proc. CVPR},
  year      = {2020}
}

@article{karnewar2019msg,
  title={MSG-GAN: Multi-Scale Gradients for Generative Adversarial Networks},
  author={Karnewar, Animesh and Wang, Oliver},
  journal={arXiv preprint arXiv:1903.06048},
  year={2019}
}

@article{arcface2018,
title={ArcFace: Additive Angular Margin Loss for Deep Face Recognition},
author={Deng, Jiankang and Guo, Jia and Niannan, Xue and Zafeiriou, Stefanos},
journal={arXiv:1801.07698},
year={2018}
}

@inproceedings{
      SDEedit,
      title={{SDE}dit: Guided Image Synthesis and Editing with Stochastic Differential Equations},
      author={Chenlin Meng and Yutong He and Yang Song and Jiaming Song and Jiajun Wu and Jun-Yan Zhu and Stefano Ermon},
      booktitle={International Conference on Learning Representations},
      year={2022},
}